<collection xmlns="http://www.loc.gov/MARC21/slim">
<record>
  <leader>03148nam0a2200541 i 450 </leader>
  <controlfield tag="001">IT\ICCU\CNCE\018233</controlfield>
  <controlfield tag="005">20200721000000.0</controlfield>
  <datafield tag="012" ind1=" " ind2=" ">
    <subfield code="a">etab I.s. n-ri hoCi (3) 1545 (R)</subfield>
    <subfield code="2">fei</subfield>
  </datafield>
  <datafield tag="100" ind1=" " ind2=" ">
    <subfield code="a">19970101d1545        0itac0103    ba</subfield>
  </datafield>
  <datafield tag="101" ind1=" " ind2=" ">
    <subfield code="a">LAT</subfield>
  </datafield>
  <datafield tag="102" ind1=" " ind2=" ">
    <subfield code="a">IT</subfield>
  </datafield>
  <datafield tag="200" ind1="1" ind2=" ">
    <subfield code="a">De duplici copia verborum ac rerum, commentarii duo Des. Erasmo Roterodamo autore</subfield>
  </datafield>
  <datafield tag="210" ind1=" " ind2=" ">
    <subfield code="a">Venetijs</subfield>
    <subfield code="c">\al segno del Nettuno!</subfield>
    <subfield code="c">apud Cominum de Tridino Montisferrati</subfield>
    <subfield code="d">1545</subfield>
    <subfield code="e">\Venezia</subfield>
    <subfield code="g">al segno del Nettuno!</subfield>
  </datafield>
  <datafield tag="215" ind1=" " ind2=" ">
    <subfield code="a">352, \8! p.</subfield>
    <subfield code="d">8ʻ</subfield>
  </datafield>
  <datafield tag="620" ind1=" " ind2=" ">
    <subfield code="a">IT</subfield>
    <subfield code="d">Venezia</subfield>
  </datafield>
  <datafield tag="700" ind1=" " ind2="0">
    <subfield code="a">Erasmus</subfield>
    <subfield code="c"> : Roterodamus</subfield>
    <subfield code="3">IT\ICCU\CNCA\000155</subfield>
  </datafield>
  <datafield tag="712" ind1="0" ind2="2">
    <subfield code="a">Comin da Trino</subfield>
    <subfield code="3">IT\ICCU\CNCT\000112</subfield>
    <subfield code="4">650</subfield>
  </datafield>
  <datafield tag="712" ind1="0" ind2="2">
    <subfield code="a">℗Al segno del ℗Nettuno</subfield>
    <subfield code="3">IT\ICCU\CNCT\001254</subfield>
    <subfield code="4">650</subfield>
  </datafield>
  <datafield tag="790" ind1=" " ind2="1">
    <subfield code="a">Geertszoom,</subfield>
    <subfield code="b">Erazm</subfield>
    <subfield code="3">IT\ICCU\CNCA\014087</subfield>
    <subfield code="z">Erasmus : Roterodamus</subfield>
  </datafield>
  <datafield tag="790" ind1=" " ind2="0">
    <subfield code="a">Erasmo</subfield>
    <subfield code="c"> : da#Rotterdam</subfield>
    <subfield code="3">IT\ICCU\CNCA\014177</subfield>
    <subfield code="z">Erasmus : Roterodamus</subfield>
  </datafield>
  <datafield tag="790" ind1=" " ind2="1">
    <subfield code="a">Erasmus,</subfield>
    <subfield code="b">Desiderius</subfield>
    <subfield code="3">IT\ICCU\CNCA\014178</subfield>
    <subfield code="z">Erasmus : Roterodamus</subfield>
  </datafield>
  <datafield tag="790" ind1=" " ind2="1">
    <subfield code="a">Geertsz,</subfield>
    <subfield code="b">Geert</subfield>
    <subfield code="3">IT\ICCU\CNCA\017421</subfield>
    <subfield code="z">Erasmus : Roterodamus</subfield>
  </datafield>
  <datafield tag="790" ind1=" " ind2="0">
    <subfield code="a">Erasmus Desiderius</subfield>
    <subfield code="c"> : Roterodamus</subfield>
    <subfield code="3">IT\ICCU\CNCA\018661</subfield>
    <subfield code="z">Erasmus : Roterodamus</subfield>
  </datafield>
  <datafield tag="790" ind1=" " ind2="0">
    <subfield code="a">Erasmus</subfield>
    <subfield code="3">IT\ICCU\CNCA\023311</subfield>
    <subfield code="z">Erasmus : Roterodamus</subfield>
  </datafield>
  <datafield tag="790" ind1=" " ind2="0">
    <subfield code="a">Desiderius Erasmus</subfield>
    <subfield code="c"> : Roterodamus</subfield>
    <subfield code="3">IT\ICCU\CNCA\023312</subfield>
    <subfield code="z">Erasmus : Roterodamus</subfield>
  </datafield>
  <datafield tag="790" ind1=" " ind2="0">
    <subfield code="a">Erasmo</subfield>
    <subfield code="c"> : da#Rotorodamo</subfield>
    <subfield code="3">IT\ICCU\CNCA\023313</subfield>
    <subfield code="z">Erasmus : Roterodamus</subfield>
  </datafield>
  <datafield tag="791" ind1="0" ind2="2">
    <subfield code="a">Cominus de Tridino</subfield>
    <subfield code="3">IT\ICCU\CNCT\004645</subfield>
    <subfield code="z">Comin da Trino</subfield>
  </datafield>
  <datafield tag="791" ind1="0" ind2="0">
    <subfield code="a">Trino, Comin</subfield>
    <subfield code="3">IT\ICCU\CNCT\004646</subfield>
    <subfield code="z">Comin da Trino</subfield>
  </datafield>
  <datafield tag="801" ind1=" " ind2="3">
    <subfield code="a">IT</subfield>
    <subfield code="b">ICCU</subfield>
    <subfield code="c">20201114</subfield>
  </datafield>
  <datafield tag="899" ind1=" " ind2=" ">
    <subfield code="a">Biblioteca civica A. Mai. Bergamo</subfield>
    <subfield code="1">BG0026</subfield>
    <subfield code="2">LO1 02</subfield>
  </datafield>
  <datafield tag="899" ind1=" " ind2=" ">
    <subfield code="a"></subfield>
    <subfield code="1">BS0156</subfield>
    <subfield code="2">ZBS 07</subfield>
  </datafield>
  <datafield tag="899" ind1=" " ind2=" ">
    <subfield code="a">Biblioteca dell&apos;Abbazia di Novacella. Varna</subfield>
    <subfield code="1">BZ0109</subfield>
    <subfield code="2">ZBZ 04</subfield>
  </datafield>
  <datafield tag="899" ind1=" " ind2=" ">
    <subfield code="a">Biblioteca comunale. Como</subfield>
    <subfield code="1">CO0059</subfield>
    <subfield code="2">ZCO 01</subfield>
  </datafield>
  <datafield tag="899" ind1=" " ind2=" ">
    <subfield code="a">Biblioteca comunale Malatestiana. Cesena</subfield>
    <subfield code="z">MUTILO</subfield>
    <subfield code="1">FC0011</subfield>
    <subfield code="2">RAV CS</subfield>
  </datafield>
  <datafield tag="899" ind1=" " ind2=" ">
    <subfield code="a">Biblioteca nazionale centrale. Firenze</subfield>
    <subfield code="1">FI0098</subfield>
    <subfield code="2">CFI CF</subfield>
  </datafield>
  <datafield tag="899" ind1=" " ind2=" ">
    <subfield code="a">Biblioteca comunale Pietro Siciliani. Galatina</subfield>
    <subfield code="1">LE0209</subfield>
    <subfield code="2">LEK SF</subfield>
  </datafield>
  <datafield tag="899" ind1=" " ind2=" ">
    <subfield code="a">Biblioteca Labronica Francesco Domenico Guerrazzi. Livorno</subfield>
    <subfield code="1">LI0011</subfield>
    <subfield code="2">LIA FA</subfield>
  </datafield>
  <datafield tag="899" ind1=" " ind2=" ">
    <subfield code="a">Biblioteca nazionale Braidense. Milano</subfield>
    <subfield code="1">MI0185</subfield>
    <subfield code="2">MIL NB</subfield>
  </datafield>
  <datafield tag="899" ind1=" " ind2=" ">
    <subfield code="a">Biblioteca Palatina. Parma</subfield>
    <subfield code="1">PR0072</subfield>
    <subfield code="2">PAR PA</subfield>
  </datafield>
  <datafield tag="899" ind1=" " ind2=" ">
    <subfield code="a">Biblioteca nazionale centrale. Roma</subfield>
    <subfield code="1">RM0267</subfield>
    <subfield code="2">BVE CR</subfield>
  </datafield>
  <datafield tag="899" ind1=" " ind2=" ">
    <subfield code="a">Biblioteca dell&apos;Opera pia del collegio Nazareno. Roma</subfield>
    <subfield code="1">RM0654</subfield>
    <subfield code="2">RMS M4</subfield>
  </datafield>
  <datafield tag="899" ind1=" " ind2=" ">
    <subfield code="a">Biblioteca civica Bruno Emmert. Arco</subfield>
    <subfield code="1">TN0008</subfield>
    <subfield code="2">ZTN 11</subfield>
  </datafield>
  <datafield tag="899" ind1=" " ind2=" ">
    <subfield code="a">Biblioteca civica Girolamo Tartarotti. Rovereto</subfield>
    <subfield code="1">TN0103</subfield>
    <subfield code="2">ZTN 08</subfield>
  </datafield>
  <datafield tag="899" ind1=" " ind2=" ">
    <subfield code="a">Biblioteca comunale. Trento</subfield>
    <subfield code="1">TN0121</subfield>
    <subfield code="2">ZTN 01</subfield>
  </datafield>
  <datafield tag="899" ind1=" " ind2=" ">
    <subfield code="a">Biblioteca civica Guarneriana. San Daniele del Friuli</subfield>
    <subfield code="1">UD0075</subfield>
    <subfield code="2">ZUD 05</subfield>
  </datafield>
  <datafield tag="899" ind1=" " ind2=" ">
    <subfield code="a">Biblioteca P. Bertolla del Seminario arcivescovile. Udine</subfield>
    <subfield code="1">UD0123</subfield>
    <subfield code="2">ZUD 06</subfield>
  </datafield>
  <datafield tag="911" ind1=" " ind2=" ">
    <subfield code="a">Sul front. e in fine</subfield>
    <subfield code="9">IT\ICCU\CNCM\000605</subfield>
  </datafield>
  <datafield tag="921" ind1=" " ind2=" ">
    <subfield code="a">IT\ICCU\CNCM\000605</subfield>
    <subfield code="b">Nettuno colpisce col tridente un serpente marino con testa di cavallo.</subfield>
    <subfield code="e">Serpentis astutia vasa irae, at Dei nostri pietas, plectos fecit vasa misericordiae</subfield>
    <subfield code="c">V318</subfield>
    <subfield code="d">Dimensioni: 5,5 x 6. Con o senza motto</subfield>
    <subfield code="f">NETTUNO</subfield>
    <subfield code="f">SERPENTE</subfield>
    <subfield code="f">SERPENTISA</subfield>
    <subfield code="f">TRIDENTE</subfield>
    <subfield code="g">1544-1548</subfield>
  </datafield>
</record>
</collection>
